
@electronic{British_Ambassador,
  author        = {Wikipedia },
  title         = {British Ambassador's Residence },
  URL           = { https://en.wikipedia.org/wiki/File:British_ambassador\%27s_residence.jpg  },
  url           = { https://en.wikipedia.org/wiki/File:British_ambassador\%27s_residence.jpg   },
  year          = {2012}
}
