@misc{PhoneGap,
  author        = {PhoneGap},
  title         = {PhoneGap is a free and open source framework that allows you to create mobile apps using standardized web APIs for the platforms you care about},
  description = {PhoneGap is a free and open source framework that allows you to create mobile apps using standardized web APIs for the platforms you care about},
  howpublished={\url{http://www.phonegap.com}},
  year          = {2012}
}

%%
%%
@misc{Xade,
  author        = {Conseller\'{\i}a de Educaci\'on. Xunta de Galicia},
  title         = {Xade Web is a web interface for educational data management.},
  howpublished={\url{http://edu.xunta.es/xade/}},
  year          = {2012}
}
%%
%%
@misc{EduXes,
  author        = {Jos\'e Antonio Salgueiro Aquino},
  title         = {Classroom management for High School teachers},
  description = {Classroom management for High School teachers},
  howpublished={\url{https://github.com/joseantoniosa/EduXes}},
  year          = {2012}
}
%%
@misc{Siestta,
  author        = { Ram\'on Castro P\'erez },
  title         = { Classroom management web application},
  description = { Aplicaci\'on web que gestiona la informaci\'on obtenida en el aula y que permite a las familias acceder en tiempo real a \'esta },
  howpublished={\url{ http://siestta.sourceforge.net/doc/index.html}},
  year          = {2006 }
}

@misc{SergasApp,
  author        = { Manuel Rego Casasnovas },
  title         = {Application to access Sergas Appointment system },
  description = { Application to access Sergas Appointment system  },
  howpublished={\url{ http://mrego.github.com/sergasapp/}},
  year          = {2012}
}

@misc{JQuery,
  author        = { JQuery  },
  title         = {Jquery },
  description = {  },
  howpublished={\url{ http://docs.jquery.com/ }},
  year          = {2012}
}



@misc{Eclipse,
  author        = { Eclipse Foundation  },
  title         = { Eclipse  Interface Development Environment },
  description = {Eclipse  Interface Development Environment   },
  howpublished={\url{ http://www.eclipse.org/ }},
  year          = {2001}
}
%%
%%

@misc{JQueryMobile,
  author        = { JQuery Mobile },
  title         = {JqueryMobile },
  description = {  },
  howpublished={\url{  http://jquerymobile.com/demos/1.1.1/ }},
  year          = {2012}
}
@misc{ComparisonOSHosting,
  author        = { Wikipedia },
  title         = {Comparison among open source hosting facilities },
  description = {  Comparison among open source hosting facilities},
  howpublished={\url{ http://en.wikipedia.org/wiki/Comparison_of_open_source_software_hosting_facilities}},
  year          = {2012}
}

@misc{Sixa,
  author        = { Enxenio S.L.},
  title         = { Complete Classroom Management System},
  description = {  Permite la gesti\'on integral de toda la informaci\'on relacionada con el desarrollo acad\'emico del alumnado (calificaciones, faltas, informes, etc),  },
  howpublished={\url{  http://www.sixa.es }},
  year          = {2009

@misc{JqueryMobile2,
  author        = { JQuery Mobile },
  title         = {JqueryMobile },
  description = {  },
  howpublished={\url{  http://jquerymobile.com/demos/1.1.1/ }},
  year          = {2012}
}


@misc{Attendance,
  author        = { David Reed},
  title         = { Attendance },
  description = { My new Attendance2 app is available in the App Store so I recommend you buy it instead unless you are running iOS 4. The new app requires iOS 5 or higher while this app requires iOS 4 or higher so I am leaving it for sale in case anyone needs an app that runs on iOS 4 and so I can provide bug fix updates. I will continue to support this app through iOS 6. },
  howpublished={\url{  https://itunes.apple.com/us/app/attendance/id301753475?mt=8 }},
  year          = {2009}
}
%%

@misc{AndroidDevelopmentKit,
  author        = { Android  Inc.  },
  title         = { Android Simple Development Kit },
  description = {The Android SDK provides you the API libraries and developer tools necessary to build, test, and debug apps for Android },
  howpublished={\url{ http://developer.android.com/sdk/index.html }},
  year          = {2001}
}
%%      
      
 http://androidforacademics.com/
                                                                                                                                                    

W3C Database Specifications: http://www.w3.org/TR/webdatabase/
PhoneGap Storage:  http://docs.phonegap.com/en/1.8.1/cordova_storage_storage.md.html



